[gd_scene load_steps=5 format=2]

[ext_resource path="res://menus/pause_menu/pause.gd" type="Script" id=1]
[ext_resource path="res://menus/theme.tres" type="Theme" id=2]
[ext_resource path="res://assets/UI/FatPix-SVG.ttf" type="DynamicFontData" id=3]

[sub_resource type="DynamicFont" id=1]
size = 35
font_data = ExtResource( 3 )

[node name="PauseMenu" type="CanvasLayer"]
script = ExtResource( 1 )

[node name="Control" type="Control" parent="."]
anchor_right = 1.0
anchor_bottom = 1.0
theme = ExtResource( 2 )

[node name="ColorRect" type="ColorRect" parent="Control"]
anchor_right = 1.0
anchor_bottom = 1.0
color = Color( 0.258824, 0.141176, 0.270588, 0.6 )

[node name="CenterContainer" type="CenterContainer" parent="Control"]
anchor_right = 1.0
anchor_bottom = 1.0

[node name="VBoxContainer" type="VBoxContainer" parent="Control/CenterContainer"]
margin_left = 124.0
margin_top = 82.0
margin_right = 355.0
margin_bottom = 187.0

[node name="Label" type="Label" parent="Control/CenterContainer/VBoxContainer"]
margin_right = 231.0
margin_bottom = 36.0
custom_fonts/font = SubResource( 1 )
text = "Game Paused"
align = 1

[node name="Button" type="Button" parent="Control/CenterContainer/VBoxContainer"]
margin_top = 40.0
margin_right = 231.0
margin_bottom = 59.0
text = "Resume"

[node name="Button3" type="Button" parent="Control/CenterContainer/VBoxContainer"]
margin_top = 63.0
margin_right = 231.0
margin_bottom = 82.0
text = "Return to Menu"

[node name="Button4" type="Button" parent="Control/CenterContainer/VBoxContainer"]
margin_top = 86.0
margin_right = 231.0
margin_bottom = 105.0
text = "Quit"

[connection signal="pressed" from="Control/CenterContainer/VBoxContainer/Button" to="." method="_on_Pause_pressed"]
[connection signal="pressed" from="Control/CenterContainer/VBoxContainer/Button3" to="." method="_on_Menu_pressed"]
[connection signal="pressed" from="Control/CenterContainer/VBoxContainer/Button4" to="." method="_on_Quit_pressed"]
