[gd_scene load_steps=12 format=2]

[ext_resource path="res://entities/components/bullet/Hit_effect1.gd" type="Script" id=1]
[ext_resource path="res://entities/components/bullet/bullet.gd" type="Script" id=2]
[ext_resource path="res://assets/bullets/player_bullets/star.png" type="Texture" id=3]
[ext_resource path="res://assets/sfx/player_bullets/wand_shoot.wav" type="AudioStream" id=4]
[ext_resource path="res://assets/sfx/player_bullets/wand_hit.wav" type="AudioStream" id=5]

[sub_resource type="AtlasTexture" id=7]
atlas = ExtResource( 3 )
region = Rect2( 0, 0, 7, 8 )

[sub_resource type="AtlasTexture" id=8]
atlas = ExtResource( 3 )
region = Rect2( 8, 0, 7, 8 )

[sub_resource type="AtlasTexture" id=9]
atlas = ExtResource( 3 )
region = Rect2( 16, 0, 7, 8 )

[sub_resource type="AtlasTexture" id=10]
atlas = ExtResource( 3 )
region = Rect2( 24, 0, 7, 8 )

[sub_resource type="SpriteFrames" id=6]
animations = [ {
"frames": [  ],
"loop": true,
"name": "hit",
"speed": 5.0
}, {
"frames": [ SubResource( 7 ), SubResource( 8 ), SubResource( 9 ), SubResource( 10 ) ],
"loop": true,
"name": "shoot",
"speed": 5.0
} ]

[sub_resource type="RectangleShape2D" id=1]
extents = Vector2( 9.375, 9.75 )

[node name="Bullet" type="Area2D"]
script = ExtResource( 2 )
direction = Vector2( 0, -1 )
velocity = 500.0
damage = 1
instance_sfx = ExtResource( 4 )
hit_sfx = ExtResource( 5 )

[node name="AnimatedSprite" type="AnimatedSprite" parent="."]
scale = Vector2( 2, 2 )
frames = SubResource( 6 )
animation = "shoot"

[node name="CollisionShape2D" type="CollisionShape2D" parent="."]
position = Vector2( 0, -1 )
shape = SubResource( 1 )

[node name="Hit_effect" type="Node" parent="."]
script = ExtResource( 1 )

[connection signal="body_entered" from="." to="." method="_on_Bullet_body_entered"]
