[gd_scene load_steps=5 format=2]

[ext_resource path="res://level/limits/limits.gd" type="Script" id=1]

[sub_resource type="RectangleShape2D" id=2]
extents = Vector2( 270.125, 11.75 )

[sub_resource type="RectangleShape2D" id=3]
extents = Vector2( 239.75, 9.5 )

[sub_resource type="RectangleShape2D" id=1]
extents = Vector2( 37.5, 185 )

[node name="Limits" type="Node2D"]
script = ExtResource( 1 )

[node name="BulletLimit" type="Area2D" parent="."]

[node name="TopLimit" type="CollisionShape2D" parent="BulletLimit"]
position = Vector2( 224, -40 )
shape = SubResource( 2 )

[node name="BottomLimit" type="CollisionShape2D" parent="BulletLimit"]
position = Vector2( 241, 286 )
shape = SubResource( 3 )

[node name="EnemyArea" type="Area2D" parent="."]

[node name="EnemyLimit" type="CollisionShape2D" parent="EnemyArea"]
position = Vector2( 240.75, 259 )
shape = SubResource( 3 )

[node name="StaticBody2D" type="StaticBody2D" parent="."]

[node name="LeftLimit" type="CollisionShape2D" parent="StaticBody2D"]
position = Vector2( -38, 185 )
shape = SubResource( 1 )

[node name="RightLimit" type="CollisionShape2D" parent="StaticBody2D"]
position = Vector2( 519, 185 )
shape = SubResource( 1 )

[connection signal="area_entered" from="BulletLimit" to="." method="_on_BulletLimit_area_entered"]
[connection signal="area_entered" from="EnemyArea" to="." method="_on_EnemyArea_bullet_entered"]
[connection signal="body_entered" from="EnemyArea" to="." method="_on_EnemyArea_body_entered"]
