[gd_scene load_steps=15 format=2]

[ext_resource path="res://level/level_manager/level_template.tscn" type="PackedScene" id=1]
[ext_resource path="res://assets/backgrounds/quilt.png" type="Texture" id=2]
[ext_resource path="res://level/level_manager/moment/moment.tscn" type="PackedScene" id=3]
[ext_resource path="res://entities/enemies/enemy.tscn" type="PackedScene" id=4]
[ext_resource path="res://managers/wave_manager/Paths/zigzag_RL.tscn" type="PackedScene" id=5]
[ext_resource path="res://managers/wave_manager/wave_manager.tscn" type="PackedScene" id=6]
[ext_resource path="res://managers/wave_manager/WavePathFollow.tscn" type="PackedScene" id=7]
[ext_resource path="res://managers/wave_manager/Paths/zigzag_LR.tscn" type="PackedScene" id=8]
[ext_resource path="res://assets/music/level_01/cattack_intro.wav" type="AudioStream" id=9]
[ext_resource path="res://assets/music/level_01/cattack_outro.wav" type="AudioStream" id=10]
[ext_resource path="res://assets/music/level_01/cattack_loop.wav" type="AudioStream" id=11]
[ext_resource path="res://level/levels/level03.tscn" type="PackedScene" id=12]
[ext_resource path="res://managers/wave_manager/waves/forced_courier_wave.tscn" type="PackedScene" id=13]
[ext_resource path="res://entities/item/items/health_item.tscn" type="PackedScene" id=14]

[node name="LevelManager" instance=ExtResource( 1 )]
next_scene = ExtResource( 12 )
available_items = [  ]

[node name="BackgroundTexture" parent="BackgroundCanvas" index="0"]
texture = ExtResource( 2 )

[node name="Label" parent="InterfaceCanvas" index="1"]
text = "Level 2"

[node name="AudioManager" parent="." index="6"]
intro_music = ExtResource( 9 )
loop_music = ExtResource( 11 )
end_music = ExtResource( 10 )

[node name="Moment" parent="." index="9" instance=ExtResource( 3 )]

[node name="WaveManager" parent="Moment" index="1" instance=ExtResource( 6 )]
followers_number = 10
follower_type = ExtResource( 4 )
path = ExtResource( 5 )
path_follow = ExtResource( 7 )
wave_sec_cooldown = 1.2
followers_velocity = 90

[node name="CourierMoment" parent="." index="10" instance=ExtResource( 3 )]
time_moment = 25

[node name="ForcedCourierWave" parent="CourierMoment" index="1" instance=ExtResource( 13 )]
forced_item = ExtResource( 14 )

[node name="Moment2" parent="." index="11" instance=ExtResource( 3 )]
time_moment = 30

[node name="WaveManager" parent="Moment2" index="1" instance=ExtResource( 6 )]
followers_number = 12
follower_type = ExtResource( 4 )
path = ExtResource( 8 )
path_follow = ExtResource( 7 )
wave_sec_cooldown = 1.2
followers_velocity = 90

[node name="Moment3" parent="." index="12" instance=ExtResource( 3 )]
time_moment = 60

[node name="WaveManager" parent="Moment3" index="1" instance=ExtResource( 6 )]
followers_number = 5
follower_type = ExtResource( 4 )
path = ExtResource( 5 )
path_follow = ExtResource( 7 )
wave_sec_cooldown = 1.2
followers_velocity = 90

[node name="WaveManager2" parent="Moment3" index="2" instance=ExtResource( 6 )]
followers_number = 5
follower_type = ExtResource( 4 )
path = ExtResource( 8 )
path_follow = ExtResource( 7 )
wave_sec_cooldown = 1.2
followers_velocity = 90
